% Chapter 1
@inproceedings{van1997remarks,
  title={Remarks on terminology in the field of supervision, fault detection and diagnosis},
  author={Van Schrick, D},
  booktitle={Preprints of the 3rd IFAC Symposium on Fault Detection, Supervision and Safety for Technical Processes SAFEPROCESS’97},
  pages={959--964},
  year={1997}
}

@article{davis1984diagnostic,
  title={Diagnostic reasoning based on structure and behavior},
  author={Davis, Randall},
  journal={Artificial intelligence},
  volume={24},
  number={1-3},
  pages={347--410},
  year={1984},
  publisher={Elsevier}
}

@article{reiter1987theory,
  title={A theory of diagnosis from first principles},
  author={Reiter, Raymond},
  journal={Artificial intelligence},
  volume={32},
  number={1},
  pages={57--95},
  year={1987},
  publisher={Elsevier}
}

@article{hofbaur2004hybrid,
  title={Hybrid estimation of complex systems},
  author={Hofbaur, Michael W and Williams, Brian C},
  journal={IEEE Transactions on Systems, Man, and Cybernetics, Part B (Cybernetics)},
  volume={34},
  number={5},
  pages={2178--2191},
  year={2004},
  publisher={IEEE}
}

@techreport{hofbaur2002hybrid,
  title={Hybrid diagnosis with unknown behavioral modes},
  author={Hofbaur, Michael W and Williams, Brian C},
  year={2002},
  institution={DTIC Document}
}

@inproceedings{console1999model,
  title={Model-based diagnosis in the real world: lessons learned and challenges remaining},
  author={Console, Luca and Dressler, Oskar},
  booktitle={IJCAI},
  volume={99},
  pages={1393--1400},
  year={1999}
}

@article{davis1988model,
  title={Model-based reasoning: Troubleshooting},
  author={Davis, Randall and Hamscher, Walter},
  journal={Exploring artificial intelligence},
  volume={8},
  pages={297--346},
  year={1988},
  publisher={Chapter}
}

@inproceedings{mosterman1998comprehensive,
  title={A comprehensive framework for model based diagnosis},
  author={Mosterman, Pieter J and Biswas, Gautam and Manders, Eric J},
  booktitle={Proc. 9th Int. Work. on Principles of Diagnosis},
  pages={86--93},
  year={1998},
  organization={Citeseer}
}

@article{wotawa2000debugging,
  title={Debugging VHDL designs using model-based reasoning},
  author={Wotawa, Franz},
  journal={Artificial Intelligence in Engineering},
  volume={14},
  number={4},
  pages={331--351},
  year={2000},
  publisher={Elsevier}
}

@article{friedrich1999model,
  title={Model-based diagnosis of hardware designs},
  author={Friedrich, Gerhard and Stumptner, Markus and Wotawa, Franz},
  journal={Artificial Intelligence},
  volume={111},
  number={1},
  pages={3--39},
  year={1999},
  publisher={Elsevier}
}

@article{raghuraj2008variable,
  title={Variable predictive model based classification algorithm for effective separation of protein structural classes},
  author={Raghuraj, Rao and Lakshminarayanan, Samavedham},
  journal={Computational biology and chemistry},
  volume={32},
  number={4},
  pages={302--306},
  year={2008},
  publisher={Elsevier}
}

@article{twellmann2008model,
  title={Model-free visualization of suspicious lesions in breast MRI based on supervised and unsupervised learning},
  author={Twellmann, Thorsten and Meyer-Baese, Anke and Lange, Oliver and Foo, Simon and Nattkemper, Tim W},
  journal={Engineering applications of artificial intelligence},
  volume={21},
  number={2},
  pages={129--140},
  year={2008},
  publisher={Elsevier}
}

@article{rodrigues2008fault,
  title={A fault detection and isolation scheme for industrial systems based on multiple operating models},
  author={Rodrigues, Mickael and Theilliol, Didier and Adam-Medina, M and Sauter, Dominique},
  journal={Control Engineering Practice},
  volume={16},
  number={2},
  pages={225--239},
  year={2008},
  publisher={Elsevier}
}

@article{gao2006kalman,
  title={A Kalman-filter based time-domain analysis for structural damage diagnosis with noisy signals},
  author={Gao, Feng and Lu, Yong},
  journal={Journal of Sound and Vibration},
  volume={297},
  number={3},
  pages={916--930},
  year={2006},
  publisher={Elsevier}
}

@article{qian2001digital,
  title={Digital mammography: wavelet transform and Kalman-filtering neural network in mass segmentation and detection},
  author={Qian, Wei and Sun, Xuejun and Song, Dansheng and Clark, Robert A},
  journal={Academic Radiology},
  volume={8},
  number={11},
  pages={1074--1082},
  year={2001},
  publisher={Elsevier}
}

@article{piatyszek2000fault,
  title={Fault detection on a sewer network by a combination of a Kalman filter and a binary sequential probability ratio test},
  author={Piatyszek, Eric and Voignier, Pierre and Graillot, Didier},
  journal={Journal of Hydrology},
  volume={230},
  number={3},
  pages={258--268},
  year={2000},
  publisher={Elsevier}
}

@inproceedings{goel2000fault,
  title={Fault detection and identification in a mobile robot using multiple model estimation and neural network},
  author={Goel, Puneet and Dedeoglu, G{\"o}ksel and Roumeliotis, Stergios I and Sukhatme, Gaurav S},
  booktitle={Robotics and Automation, 2000. Proceedings. ICRA'00. IEEE International Conference on},
  volume={3},
  pages={2302--2309},
  year={2000},
  organization={IEEE}
}

@article{jurivcic2002robust,
  title={Robust detection of sensor faults by means of a statistical test},
  author={Juri{\v{c}}i{\'c}, {\DJ}ani and {\v{Z}}ele, Mina},
  journal={Automatica},
  volume={38},
  number={4},
  pages={737--742},
  year={2002},
  publisher={Elsevier}
}

@article{yu1997fault,
  title={Fault diagnosis for a hydraulic drive system using a parameter-estimation method},
  author={Yu, D},
  journal={Control Engineering Practice},
  volume={5},
  number={9},
  pages={1283--1291},
  year={1997},
  publisher={Elsevier}
}

@article{zhang2002adaptive,
  title={Adaptive observer for multiple-input-multiple-output (MIMO) linear time-varying systems},
  author={Zhang, Qinghua},
  journal={IEEE transactions on automatic control},
  volume={47},
  number={3},
  pages={525--529},
  year={2002},
  publisher={IEEE}
}

@inproceedings{medvedev1997disturbance,
  title={Disturbance attenuation enhancement in continuous parity space methods},
  author={Medvedev, Alexander},
  booktitle={Control Conference (ECC), 1997 European},
  pages={2529--2534},
  year={1997},
  organization={IEEE}
}

@article{magni1994residual,
  title={On residual generation by observer and parity space approaches},
  author={Magni, J-F and Mouyon, Philippe},
  journal={IEEE Transactions on Automatic Control},
  volume={39},
  number={2},
  pages={441--447},
  year={1994},
  publisher={IEEE}
}

@article{kuipers1986qualitative,
  title={Qualitative simulation},
  author={Kuipers, Benjamin},
  journal={Artificial intelligence},
  volume={29},
  number={3},
  pages={289--338},
  year={1986},
  publisher={Elsevier}
}

@article{forbus1984qualitative,
  title={Qualitative process theory},
  author={Forbus, Kenneth D},
  journal={Artificial intelligence},
  volume={24},
  number={1},
  pages={85--168},
  year={1984},
  publisher={Elsevier}
}

@article{forbus1991qualitative,
  title={Qualitative spatial reasoning: The CLOCK project},
  author={Forbus, Kenneth D and Nielsen, Paul and Faltings, Boi},
  journal={Artificial Intelligence},
  volume={51},
  number={1-3},
  pages={417--471},
  year={1991},
  publisher={Elsevier}
}

@article{williams1991qualitative,
  title={Qualitative reasoning about physical systems: a return to roots},
  author={Williams, Brian C and de Kleer, Johan},
  journal={Artificial Intelligence},
  volume={51},
  number={1-3},
  pages={1--9},
  year={1991},
  publisher={Elsevier}
}

@article{tarifa2004fault,
  title={Fault diagnosis for MSF dynamic states using a SDG and fuzzy logic},
  author={Tarifa, Enrique E and Scenna, Nicol{\'a}s J},
  journal={Desalination},
  volume={166},
  pages={93--101},
  year={2004},
  publisher={Elsevier}
}

@article{zhang2005sdg,
  title={SDG multiple fault diagnosis by real-time inverse inference},
  author={Zhang, Zhao-qian and Wu, Chong-guang and Zhang, Bei-ke and Xia, Tao and Li, An-feng},
  journal={Reliability Engineering \& System Safety},
  volume={87},
  number={2},
  pages={173--189},
  year={2005},
  publisher={Elsevier}
}

@article{umeda1980graphical,
  title={A graphical approach to cause and effect analysis of chemical processing systems},
  author={Umeda, T and Kuriyama, T and O'shima, E and Matsuyama, H},
  journal={Chemical Engineering Science},
  volume={35},
  number={12},
  pages={2379--2388},
  year={1980},
  publisher={Elsevier}
}

@article{shiozaki1985fault,
  title={FAULT DIAGNOSIS OF CHEMICAL PROCESSES BY THE USE OF SIGNED, DIRECTED GRAPHS. EXTENSION TO FIVE-RANGE PATTERNS OF ABNORMALITY.},
  author={Shiozaki, Junichi and Matsuyama, Hisayoshi and Tano, Kouichi and O'shima, Eiji},
  journal={International Chemical Engineering},
  volume={25},
  number={4},
  pages={651--659},
  year={1985}
}

@article{kramer1987rule,
  title={A rule-based approach to fault diagnosis using the signed directed graph},
  author={Kramer, Mark A and Palowitch, BL},
  journal={AIChE Journal},
  volume={33},
  number={7},
  pages={1067--1078},
  year={1987},
  publisher={Wiley Online Library}
}

@article{de1992characterizing,
  title={Characterizing diagnoses and systems},
  author={De Kleer, Johan and Mackworth, Alan K and Reiter, Raymond},
  journal={Artificial Intelligence},
  volume={56},
  number={2-3},
  pages={197--222},
  year={1992},
  publisher={Elsevier}
}

@article{de1987diagnosing,
  title={Diagnosing multiple faults},
  author={De Kleer, Johan and Williams, Brian C},
  journal={Artificial intelligence},
  volume={32},
  number={1},
  pages={97--130},
  year={1987},
  publisher={Elsevier}
}

@article{de1984qualitative,
  title={A qualitative physics based on confluences},
  author={De Kleer, Johan and Brown, John Seely},
  journal={Artificial intelligence},
  volume={24},
  number={1-3},
  pages={7--83},
  year={1984},
  publisher={Elsevier}
}

@inproceedings{schwabacher2002nasa,
  title={NASA integrated vehicle health management technology experiment for X-37},
  author={Schwabacher, Mark and Samuels, Jeff and Brownston, Lee},
  booktitle={AeroSense 2002},
  pages={49--60},
  year={2002},
  organization={International Society for Optics and Photonics}
}

@inproceedings{bernard1998design,
  title={Design of the remote agent experiment for spacecraft autonomy},
  author={Bernard, Douglas E and Dorais, Gregory A and Fry, Chuck and Gamble, Edward B and Kanefsky, Bob and Kurien, James and Millar, William and Muscettola, Nicola and Nayak, P Pandurang and Pell, Barney and others},
  booktitle={Aerospace Conference, 1998 IEEE},
  volume={2},
  pages={259--281},
  year={1998},
  organization={IEEE}
}

@article{muscettola1998remote,
  title={Remote agent: To boldly go where no AI system has gone before},
  author={Muscettola, Nicola and Nayak, P Pandurang and Pell, Barney and Williams, Brian C},
  journal={Artificial Intelligence},
  volume={103},
  number={1-2},
  pages={5--47},
  year={1998},
  publisher={Elsevier}
}

@inproceedings{williams1996model,
  title={A model-based approach to reactive self-configuring systems},
  author={Williams, Brian C and Nayak, P Pandurang},
  booktitle={Proceedings of the national conference on artificial intelligence},
  pages={971--978},
  year={1996}
}

@inproceedings{williams1996autonomous,
  title={Model-Based Autonomous Systems in the New Millenium.},
  author={Williams, Brian C},
  booktitle={AIPS},
  pages={275--282},
  year={1996}
}

@article{genc2007distributed,
  title={Distributed diagnosis of place-bordered Petri nets},
  author={Genc, Sahika and Lafortune, Stphane},
  journal={IEEE Transactions on Automation Science and Engineering},
  volume={4},
  number={2},
  pages={206--219},
  year={2007},
  publisher={IEEE}
}

@article{naderi2008modeling,
  title={Modeling and detection of transformer internal incipient fault during impulse test},
  author={Naderi, Mehdi S and Gharehpetian, GB and Abedi, M and Blackburn, TR},
  journal={IEEE Transactions on Dielectrics and Electrical Insulation},
  volume={15},
  number={1},
  year={2008},
  publisher={IEEE}
}

@article{carneiro2008incipient,
  title={Incipient fault detection of motor-operated valves using wavelet transform analysis},
  author={Carneiro, Alvaro Luiz Guimar{\~a}es and Da Silva, Aucyone Augusto and Upadhyaya, Belle R},
  journal={Nuclear Engineering and Design},
  volume={238},
  number={9},
  pages={2453--2459},
  year={2008},
  publisher={Elsevier}
}

@article{zhoudonghua2009fault,
  title={动态系统的故障诊断技术},
  author={周东华 and 胡艳艳},
  journal={自动化学报},
  volume={35},
  number={6},
  pages={748--758},
  year={2009}
}

@article{misra2002multivariate,
  title={Multivariate process monitoring and fault diagnosis by multi-scale PCA},
  author={Misra, Manish and Yue, H Henry and Qin, S Joe and Ling, Cheng},
  journal={Computers \& Chemical Engineering},
  volume={26},
  number={9},
  pages={1281--1293},
  year={2002},
  publisher={Elsevier}
}

@article{stoianov2001wavelet,
  title={Wavelet processing of transient signals for pipeline leak location and quantification},
  author={Stoianov, Ivan and Karney, B and Covas, D and Masksimovic, C and Graham, N},
  year={2001}
}

@article{aminian2000neural,
  title={Neural-network based analog-circuit fault diagnosis using wavelet transform as preprocessor},
  author={Aminian, Mehran and Aminian, Farzan},
  journal={IEEE Transactions on Circuits and Systems II: Analog and Digital Signal Processing},
  volume={47},
  number={2},
  pages={151--156},
  year={2000},
  publisher={IEEE}
}

@article{abbasion2007rolling,
  title={Rolling element bearings multi-fault classification based on the wavelet denoising and support vector machine},
  author={Abbasion, Saeed and Rafsanjani, A and Farshidianfar, Anoshirvan and Irani, Nishgoon},
  journal={Mechanical Systems and Signal Processing},
  volume={21},
  number={7},
  pages={2933--2945},
  year={2007},
  publisher={Elsevier}
}

@article{lou2004bearing,
  title={Bearing fault diagnosis based on wavelet transform and fuzzy inference},
  author={Lou, Xinsheng and Loparo, Kenneth A},
  journal={Mechanical systems and signal processing},
  volume={18},
  number={5},
  pages={1077--1095},
  year={2004},
  publisher={Elsevier}
}

@article{riera2008general,
  title={A general approach for the transient detection of slip-dependent fault components based on the discrete wavelet transform},
  author={Riera-Guasp, Martin and Antonino-Daviu, Jose A and Pineda-Sanchez, Manuel and Puche-Panadero, Ruben and Perez-Cruz, Juan},
  journal={IEEE transactions on Industrial electronics},
  volume={55},
  number={12},
  pages={4167--4180},
  year={2008},
  publisher={IEEE}
}

@article{sidhu2010detection,
  title={Detection of incipient faults in distribution underground cables},
  author={Sidhu, Tarlochan S and Xu, Zhihan},
  journal={IEEE Transactions on Power Delivery},
  volume={25},
  number={3},
  pages={1363--1371},
  year={2010},
  publisher={IEEE}
}

@article{junsheng2007application,
  title={Application of an impulse response wavelet to fault diagnosis of rolling bearings},
  author={Junsheng, Cheng and Dejie, Yu and Yu, Yang},
  journal={Mechanical Systems and Signal Processing},
  volume={21},
  number={2},
  pages={920--929},
  year={2007},
  publisher={Elsevier}
}

@article{wang1996application,
  title={Application of wavelets to gearbox vibration signals for fault detection},
  author={Wang, WJ and McFadden, PD},
  journal={Journal of sound and vibration},
  volume={192},
  number={5},
  pages={927--939},
  year={1996},
  publisher={Elsevier}
}

@article{doudongyang2010ensemble,
  title={集合经验模式分解在旋转机械故障诊断中的应用},
  author={窦东阳 and 赵英凯},
  journal={农业工程学报},
  number={2},
  pages={190--196},
  year={2010}
}

@article{lei2013review,
  title={A review on empirical mode decomposition in fault diagnosis of rotating machinery},
  author={Lei, Yaguo and Lin, Jing and He, Zhengjia and Zuo, Ming J},
  journal={Mechanical Systems and Signal Processing},
  volume={35},
  number={1},
  pages={108--126},
  year={2013},
  publisher={Elsevier}
}

@article{luozhonghui2005study,
  title={小波变换及经验模式分解方法在电机轴承早期故障诊断中的应用},
  author={罗忠辉 and 薛晓宁 and 王筱珍 and 吴百海 and 何真},
  journal={中国电机工程学报},
  volume={25},
  number={14},
  pages={125--129},
  year={2005}
}

@article{yang2011bivariate,
  title={Bivariate empirical mode decomposition and its contribution to wind turbine condition monitoring},
  author={Yang, Wenxian and Court, Richard and Tavner, Peter J and Crabtree, Christopher J},
  journal={Journal of Sound and Vibration},
  volume={330},
  number={15},
  pages={3766--3782},
  year={2011},
  publisher={Elsevier}
}

@article{he2010joint,
  title={A joint adaptive wavelet filter and morphological signal processing method for weak mechanical impulse extraction},
  author={He, Wei and Jiang, Zhinong and Qin, Qiang},
  journal={Journal of Mechanical Science and Technology},
  volume={24},
  number={8},
  pages={1709--1716},
  year={2010},
  publisher={Springer}
}

@article{liuxuexia2008high,
  title={高阶谱分析技术在轴承故障信号特征提取中的应用},
  author={刘雪霞 and 张琦 and 谭业发},
  journal={机床与液压},
  volume={36},
  number={7},
  pages={155--157},
  year={2008}
}

@article{yu2005application,
  title={Application of EMD method and Hilbert spectrum to the fault diagnosis of roller bearings},
  author={Yu, Dejie and Cheng, Junsheng and Yang, Yu},
  journal={Mechanical systems and signal processing},
  volume={19},
  number={2},
  pages={259--270},
  year={2005},
  publisher={Elsevier}
}

@article{drago1979incipient,
  title={Incipient failure detection},
  author={Drago, RJ},
  journal={Power Transmission Design},
  volume={21},
  number={2},
  pages={40--45},
  year={1979}
}

@article{garcia2011robust,
  title={Robust condition monitoring for early detection of broken rotor bars in induction motors},
  author={Garc{\'\i}a-Escudero, Luis A and Duque-Perez, Oscar and Morinigo-Sotelo, Daniel and Perez-Alonso, Marcelo},
  journal={Expert Systems with Applications},
  volume={38},
  number={3},
  pages={2653--2660},
  year={2011},
  publisher={Elsevier}
}

@article{oh2006advanced,
  title={Advanced multidimensional spectral analysis and its application for early fault detection},
  author={Oh, Jae-Eung and Kim, Woo-Taek and Sim, Hyoun-Jin and Lee, Jung-Yoon},
  journal={Proceedings of the Institution of Mechanical Engineers, Part D: Journal of Automobile Engineering},
  volume={220},
  number={4},
  pages={435--444},
  year={2006},
  publisher={Sage Publications Sage UK: London, England}
}

@inproceedings{gazzana2010system,
  title={A system for incipient fault detection and fault diagnosis based on MCSA},
  author={Gazzana, Daniel da S and Pereira, Lu{\'\i}s Alberto and Fernandes, D{\^e}nis},
  booktitle={Transmission and Distribution Conference and Exposition, 2010 IEEE PES},
  pages={1--6},
  year={2010},
  organization={IEEE}
}

@article{oliveira2011power,
  title={Power transformers winding fault diagnosis by the on-load exciting current Extended Park's Vector Approach},
  author={Oliveira, Lu{\'\i}s MR and Cardoso, AJ Marques and Cruz, S{\'e}rgio MA},
  journal={Electric Power Systems Research},
  volume={81},
  number={6},
  pages={1206--1214},
  year={2011},
  publisher={Elsevier}
}

@inproceedings{xiong2007direct,
  title={Direct sequence spread spectrum signal detection based on chaos theory},
  author={Xiong, Gang and Lv, Ming and Tang, Bin},
  booktitle={Proc. Int. Conf. Commun., Circuits Syst.},
  pages={727--730},
  year={2007}
}

@article{zhao2009intermittent,
  title={Intermittent-chaos-and-cepstrum-analysis-based early fault detection on shuttle valve of hydraulic tube tester},
  author={Zhao, Zhen and Wang, Fu-Li and Jia, Ming-Xing and Wang, Shu},
  journal={IEEE Transactions on Industrial Electronics},
  volume={56},
  number={7},
  pages={2764--2770},
  year={2009},
  publisher={IEEE}
}

@article{zhao2008line,
  title={On-line early fault detection and diagnosis of municipal solid waste incinerators},
  author={Zhao, Jinsong and Huang, Jianchao and Sun, Wei},
  journal={Waste management},
  volume={28},
  number={11},
  pages={2406--2414},
  year={2008},
  publisher={Elsevier}
}

@inproceedings{zhou2008dca,
  title={DCA based multi-level small fault diagnosis},
  author={Zhou, Funa and Tang, Tianhao and Wen, Chenglin},
  booktitle={Communication Technology, 2008. ICCT 2008. 11th IEEE International Conference on},
  pages={486--489},
  year={2008},
  organization={IEEE}
}

@article{abdi2010principal,
  title={Principal component analysis},
  author={Abdi, Herv{\'e} and Williams, Lynne J},
  journal={Wiley interdisciplinary reviews: computational statistics},
  volume={2},
  number={4},
  pages={433--459},
  year={2010},
  publisher={Wiley Online Library}
}

@article{miller1998contribution,
  title={Contribution plots: A missing link in multivariate quality control},
  author={Miller, Paige and Swanson, Ronald E and Heckler, Charles E},
  journal={Applied mathematics and computer science},
  volume={8},
  number={4},
  pages={775--792},
  year={1998}
}

@article{duda2000pattern,
  title={Pattern Classification and Scene Analysis Part 1: Pattern Classification},
  author={Duda, Richard O and Hart, Peter E and Stork, David G},
  journal={Wiley, Chichester},
  year={2000}
}

@article{raich1996statistical,
  title={Statistical process monitoring and disturbance diagnosis in multivariable continuous processes},
  author={Raich, Anne and Cinar, Ali},
  journal={AIChE Journal},
  volume={42},
  number={4},
  pages={995--1009},
  year={1996},
  publisher={Wiley Online Library}
}

@article{gezhiqiang2007mewma,
  title={基于 MEWMA-PCA 的微小故障检测方法研究及其应用},
  author={葛志强 and 杨春节 and 宋执环},
  journal={信息与控制},
  volume={36},
  number={5},
  pages={650--656},
  year={2007}
}

@article{gezhiqiang2008mcusum,
  title={基于 MCUSUM-ICA-PCA 的微小故障检测},
  author={葛志强 and 宋执环 and 杨春节},
  journal={浙江大學學報 (工學版)},
  volume={42},
  number={3},
  pages={373--377},
  year={2008},
  publisher={浙江大學學報 (工學版) 編輯部}
}

@article{majid2011aluminium,
  title={Aluminium process fault detection by multiway principal component analysis},
  author={Majid, Nazatul Aini Abd and Taylor, Mark P and Chen, John JJ and Stam, Marco A and Mulder, Albert and Young, Brent R},
  journal={Control Engineering Practice},
  volume={19},
  number={4},
  pages={367--379},
  year={2011},
  publisher={Elsevier}
}

@article{li2011virtual,
  title={Virtual prototype and experimental research on gear multi-fault diagnosis using wavelet-autoregressive model and principal component analysis method},
  author={Li, Zhixiong and Yan, Xinping and Yuan, Chengqing and Peng, Zhongxiao and Li, Li},
  journal={Mechanical Systems and Signal Processing},
  volume={25},
  number={7},
  pages={2589--2607},
  year={2011},
  publisher={Elsevier}
}

@article{li2010gearbox,
  title={Gearbox incipient fault diagnosis using feature sample selection and principal component analysis},
  author={Li, Weihua and Xu, Yabing},
  journal={International Journal of Modelling, Identification and Control},
  volume={10},
  number={3-4},
  pages={246--254},
  year={2010},
  publisher={Inderscience Publishers}
}

@article{zhao2009sliding,
  title={Intermittent chaos and sliding window symbol sequence statistics-based early fault diagnosis for hydraulic pump on hydraulic tube tester},
  author={Zhao, Zhen and Jia, Mingxing and Wang, Fuli and Wang, Shu},
  journal={Mechanical Systems and Signal Processing},
  volume={23},
  number={5},
  pages={1573--1585},
  year={2009},
  publisher={Elsevier}
}

@inproceedings{bhatnagar2005incipient,
  title={Incipient fault detection in mechanical power transmission systems},
  author={Bhatnagar, Saurabh and Rajagopalan, Venkatesh and Ray, Asok},
  booktitle={American Control Conference, 2005. Proceedings of the 2005},
  pages={472--477},
  year={2005},
  organization={IEEE}
}

@article{d2011incipient,
  title={Incipient fault detection in induction machine stator-winding using a fuzzy-Bayesian change point detection approach},
  author={D’Angelo, Marcos FSV and Palhares, Reinaldo M and Takahashi, Ricardo HC and Loschi, Rosangela H and Baccarini, Lane MR and Caminhas, Walmir M},
  journal={Applied Soft Computing},
  volume={11},
  number={1},
  pages={179--192},
  year={2011},
  publisher={Elsevier}
}

@inproceedings{menon2003incipient,
  title={Incipient fault detection and diagnosis in turbine engines using hidden markov models},
  author={Menon, Sunil and Uluyol, Önder and Kim, Kyusung and Nwadiogbu, Emmanuel O},
  booktitle={ASME Turbo Expo 2003, collocated with the 2003 International Joint Power Generation Conference},
  pages={493--500},
  year={2003},
  organization={American Society of Mechanical Engineers}
}

@inproceedings{kjolle2006protection,
  title={Protection System Faults--a Comparative Review of Fault Statistics},
  author={Kjolle, GH and Gjerde, O and Hjartsjo, BT and Engen, H and Haarla, L and Koivisto, L and Lindblad, P},
  booktitle={Probabilistic Methods Applied to Power Systems, 2006. PMAPS 2006. International Conference on},
  pages={1--7},
  year={2006},
  organization={IEEE}
}

@article{venkatasubramanian2003reviewpart3,
  title={A review of process fault detection and diagnosis: Part III: Process history based methods},
  author={Venkatasubramanian, Venkat and Rengaswamy, Raghunathan and Kavuri, Surya N and Yin, Kewen},
  journal={Computers \& chemical engineering},
  volume={27},
  number={3},
  pages={327--346},
  year={2003},
  publisher={Elsevier}
}

@article{venkatasubramanian2003reviewpart1,
  title={A review of process fault detection and diagnosis: Part I: Quantitative model-based methods},
  author={Venkatasubramanian, Venkat and Rengaswamy, Raghunathan and Yin, Kewen and Kavuri, Surya N},
  journal={Computers \& chemical engineering},
  volume={27},
  number={3},
  pages={293--311},
  year={2003},
  publisher={Elsevier}
}

@article{venkatasubramanian2003reviewpart2,
  title={A review of process fault detection and diagnosis: Part II: Qualitative Models and Search Strategies},
  author={Venkatasubramanian, Venkat and Rengaswamy, Raghunathan and Kavuri, Surya N.},
  journal={Computers \& Chemical Engineering},
  volume={27},
  number={3},
  pages={313--326},
  year={2003},
  publisher={Elsevier}
}

@article{huqiao2006improved,
  title={基于提升小波包变换和集成支持矢量机的早期故障智能诊断},
  author={胡桥 and 何正嘉 and 张周锁 and 訾艳阳 and 雷亚国},
  journal={机械工程学报},
  volume={42},
  number={8},
  pages={16--22},
  year={2006}
}

@inproceedings{lee2006diagnosis,
  title={Diagnosis of incipient fault of power transformers using SVM with clonal selection algorithms optimization},
  author={Lee, Tsair-Fwu and Cho, Ming-Yuan and Shieh, Chin-Shiuh and Lee, Hong-Jen and Fang, Fu-Min},
  booktitle={International Symposium on Methodologies for Intelligent Systems},
  pages={580--590},
  year={2006},
  organization={Springer}
}

@article{liweihua2010graph,
  title={基于图论和直推式支持矢量机的齿轮早期故障诊断},
  author={李巍华 and 刘雯},
  journal={机械工程学报},
  number={23},
  pages={82--88},
  year={2010}
}

@inproceedings{hao2006improved,
  title={An improved power transformer diagnosis system for incipient fault based on fuzzy rough set theory},
  author={Hao, Xiong and Weiguo, Li and Guanghui, Chang and Huimin, Guo},
  booktitle={Power System Technology, 2006. PowerCon 2006. International Conference on},
  pages={1--8},
  year={2006},
  organization={IEEE}
}

@article{zhang2012vibrant,
  title={Vibrant fault diagnosis for hydroelectric generator units with a new combination of rough sets and support vector machine},
  author={Zhang, Xiaoyuan and Zhou, Jianzhong and Guo, Jun and Zou, Qiang and Huang, Zhiwei},
  journal={Expert Systems with Applications},
  volume={39},
  number={3},
  pages={2621--2628},
  year={2012},
  publisher={Elsevier}
}

@inproceedings{chow1988incipient,
  title={Incipient fault detection in DC machines using a neural network},
  author={Chow, Mo-yuen and Mangum, P and Thomas, RJ},
  booktitle={Signals, Systems and Computers, 1988. Twenty-Second Asilomar Conference on},
  volume={2},
  pages={706--709},
  year={1988},
  organization={IEEE}
}

@article{watanabe1989incipient,
  title={Incipient fault diagnosis of chemical processes via artificial neural networks},
  author={Watanabe, Kajiro and Matsuura, Ichiro and Abe, Masahiro and Kubota, Makoto and Himmelblau, DM},
  journal={AIChE journal},
  volume={35},
  number={11},
  pages={1803--1812},
  year={1989},
  publisher={Wiley Online Library}
}

@article{chow1991methodology,
  title={Methodology for on-line incipient fault detection in single-phase squirrel-cage induction motors using artificial neural networks},
  author={Chow, Mo-yuen and Yee, Sui Oi},
  journal={IEEE Transactions on Energy Conversion},
  volume={6},
  number={3},
  pages={536--545},
  year={1991},
  publisher={IEEE}
}

@inproceedings{goode1994hybrid,
  title={A hybrid fuzzy/neural system used to extract heuristic knowledge from a fault detection problem},
  author={Goode, Paul V and Chow, Mo-Yuen},
  booktitle={Fuzzy Systems, 1994. IEEE World Congress on Computational Intelligence., Proceedings of the Third IEEE Conference on},
  pages={1731--1736},
  year={1994},
  organization={IEEE}
}

@article{wang2003extension,
  title={Extension neural network for power transformer incipient fault diagnosis},
  author={Wang, M-H},
  journal={IEE Proceedings-Generation, Transmission and Distribution},
  volume={150},
  number={6},
  pages={679--685},
  year={2003},
  publisher={IET}
}

@article{dong2008rough,
  title={Rough set and fuzzy wavelet neural network integrated with least square weighted fusion algorithm based fault diagnosis research for power transformers},
  author={Dong, Lixin and Xiao, Dengming and Liang, Yishan and Liu, Yilu},
  journal={Electric power systems research},
  volume={78},
  number={1},
  pages={129--136},
  year={2008},
  publisher={Elsevier}
}

@inproceedings{rakic2010early,
  title={Early fault detection and isolation in coal mills based on self-organizing maps},
  author={Raki{\'c}, Aleksandar {\v{Z}}},
  booktitle={Neural Network Applications in Electrical Engineering (NEUREL), 2010 10th Symposium on},
  pages={45--48},
  year={2010},
  organization={IEEE}
}

@article{zhangzhengdao2004ann,
  title={基于神经网络免疫集成的非线性时间序列故障预报},
  author={张正道 and 胡寿松},
  journal={东南大学学报: 自然科学版},
  volume={34},
  number={B11},
  pages={15--19},
  year={2004}
}

@book{hawkins1980identification,
  title={Identification of outliers},
  author={Hawkins, Douglas M},
  volume={11},
  year={1980},
  publisher={Springer}
}

@article{edgeworth1887xli,
  title={Xli. on discordant observations},
  author={Edgeworth, FY},
  journal={The London, Edinburgh, and Dublin Philosophical Magazine and Journal of Science},
  volume={23},
  number={143},
  pages={364--375},
  year={1887},
  publisher={Taylor \& Francis}
}

@article{viljoen2002identifying,
  title={Identifying multivariate discordant observations: a computer-intensive approach},
  author={Viljoen, H and Venter, JH},
  journal={Computational statistics \& data analysis},
  volume={40},
  number={1},
  pages={159--172},
  year={2002},
  publisher={Elsevier}
}

@inproceedings{yeung2002parzen,
  title={Parzen-window network intrusion detectors},
  author={Yeung, Dit-Yan and Chow, Calvin},
  booktitle={Pattern Recognition, 2002. Proceedings. 16th International Conference on},
  volume={4},
  pages={385--388},
  year={2002},
  organization={IEEE}
}

@book{duda2012pattern,
  title={Pattern classification},
  author={Duda, Richard O and Hart, Peter E and Stork, David G},
  year={2012},
  publisher={John Wiley \& Sons}
}

@inproceedings{breunig2000lof,
  title={LOF: identifying density-based local outliers},
  author={Breunig, Markus M and Kriegel, Hans-Peter and Ng, Raymond T and Sander, J{\"o}rg},
  booktitle={ACM sigmod record},
  volume={29},
  number={2},
  pages={93--104},
  year={2000},
  organization={ACM}
}

@article{roberts1994probabilistic,
  title={A probabilistic resource allocating network for novelty detection},
  author={Roberts, Stephen and Tarassenko, Lionel},
  journal={Neural Computation},
  volume={6},
  number={2},
  pages={270--284},
  year={1994},
  publisher={MIT Press}
}

@inproceedings{ilonen2006gaussian,
  title={Gaussian mixture pdf in one-class classification: computing and utilizing confidence values},
  author={Ilonen, Jarmo and Paalanen, Pekka and Kamarainen, J-K and Kalviainen, H},
  booktitle={Pattern Recognition, 2006. ICPR 2006. 18th International Conference on},
  volume={2},
  pages={577--580},
  year={2006},
  organization={IEEE}
}

@article{tartakovsky2013efficient,
  title={Efficient computer network anomaly detection by changepoint detection methods},
  author={Tartakovsky, Alexander G and Polunchenko, Aleksey S and Sokolov, Grigory},
  journal={IEEE Journal of Selected Topics in Signal Processing},
  volume={7},
  number={1},
  pages={4--11},
  year={2013},
  publisher={IEEE}
}

@article{hido2011statistical,
  title={Statistical outlier detection using direct density ratio estimation},
  author={Hido, Shohei and Tsuboi, Yuta and Kashima, Hisashi and Sugiyama, Masashi and Kanamori, Takafumi},
  journal={Knowledge and information systems},
  volume={26},
  number={2},
  pages={309--336},
  year={2011},
  publisher={Springer}
}

@article{chen2009outlier,
  title={Outlier detection with the kernelized spatial depth function},
  author={Chen, Yixin and Dang, Xin and Peng, Hanxiang and Bart, Henry L},
  journal={IEEE Transactions on Pattern Analysis and Machine Intelligence},
  volume={31},
  number={2},
  pages={288--305},
  year={2009},
  publisher={IEEE}
}

@article{taxone,
  title={One-class classification: Concept learning in the absence of counter examples, 2001},
  author={Tax, D},
  journal={Delft University of Technology},
  pages={202}
}

@article{bradley2000k,
  title={K-plane clustering},
  author={Bradley, Paul S and Mangasarian, Olvi L},
  journal={Journal of Global Optimization},
  volume={16},
  number={1},
  pages={23--32},
  year={2000},
  publisher={Springer}
}

@article{hastie1989principal,
  title={Principal curves},
  author={Hastie, Trevor and Stuetzle, Werner},
  journal={Journal of the American Statistical Association},
  volume={84},
  number={406},
  pages={502--516},
  year={1989},
  publisher={Taylor \& Francis Group}
}

@article{smola2001regularized,
  title={Regularized principal manifolds},
  author={Smola, Alexander J and Mika, Sebastian and Sch{\"o}lkopf, Bernhard and Williamson, Robert C},
  journal={Journal of Machine Learning Research},
  volume={1},
  number={Jun},
  pages={179--209},
  year={2001}
}

@phdthesis{juszczak2006learning,
  title={Learning to recognise: A study on one-class classification and active learning},
  author={Juszczak, Piotr},
  year={2006},
  school={TU Delft, Delft University of Technology}
}

@article{hoffmann2007kernel,
  title={Kernel PCA for novelty detection},
  author={Hoffmann, Heiko},
  journal={Pattern Recognition},
  volume={40},
  number={3},
  pages={863--874},
  year={2007},
  publisher={Elsevier}
}

@article{scholkopf2001estimating,
  title={Estimating the support of a high-dimensional distribution},
  author={Sch{\"o}lkopf, Bernhard and Platt, John C and Shawe-Taylor, John and Smola, Alex J and Williamson, Robert C},
  journal={Neural computation},
  volume={13},
  number={7},
  pages={1443--1471},
  year={2001},
  publisher={MIT Press}
}

@article{tax2004support,
  title={Support vector data description},
  author={Tax, David MJ and Duin, Robert PW},
  journal={Machine learning},
  volume={54},
  number={1},
  pages={45--66},
  year={2004},
  publisher={Springer}
}

@article{dolia2007kernel,
  title={Kernel ellipsoidal trimming},
  author={Dolia, Alexander N and Harris, Christopher J and Shawe-Taylor, JS and Titterington, D Mike},
  journal={Computational statistics \& data analysis},
  volume={52},
  number={1},
  pages={309--324},
  year={2007},
  publisher={Elsevier}
}

@article{tao2005new,
  title={A new maximum margin algorithm for one-class problems and its boosting implementation},
  author={Tao, Qing and Wu, Gao-wei and Wang, Jue},
  journal={Pattern Recognition},
  volume={38},
  number={7},
  pages={1071--1077},
  year={2005},
  publisher={Elsevier}
}

@article{roth2006kernel,
  title={Kernel fisher discriminants for outlier detection},
  author={Roth, Volker},
  journal={Neural computation},
  volume={18},
  number={4},
  pages={942--960},
  year={2006},
  publisher={MIT Press}
}

@inproceedings{banhalmi2007counter,
  title={Counter-example generation-based one-class classification},
  author={B{\'a}nhalmi, Andr{\'a}s and Kocsor, Andr{\'a}s and Busa-Fekete, R{\'o}bert},
  booktitle={European Conference on Machine Learning},
  pages={543--550},
  year={2007},
  organization={Springer}
}

@book{bianzhaoqi2000pattern,
  title={模式识别},
  author={边肇祺},
  year={2000},
  publisher={清华大学出版社有限公司}
}

@article{meinicke2002maximum,
  title={Maximum contrast classifiers},
  author={Meinicke, Peter and Twellmann, Thorsten and Ritter, Helge},
  journal={Artificial Neural Networks—ICANN 2002},
  pages={138--138},
  year={2002},
  publisher={Springer}
}

@inproceedings{meinicke2002discriminative,
  title={Discriminative densities from maximum contrast estimation},
  author={Meinicke, Peter and Twellmann, Thorsten and Ritter, Helge},
  booktitle={NIPS},
  pages={985--992},
  year={2002}
}

% Chapter 2
@article{platt1998sequential,
  title={Sequential minimal optimization: A fast algorithm for training support vector machines},
  author={Platt, John},
  year={1998}
}

@article{ersoy1985real,
  title={Real discrete Fourier transform},
  author={Ersoy, Okan},
  journal={IEEE transactions on acoustics, speech, and signal processing},
  volume={33},
  number={4},
  pages={880--882},
  year={1985},
  publisher={IEEE}
}

@inproceedings{ersoy1988fast,
  title={Fast algorithms for the real discrete Fourier transform},
  author={Ersoy, Okan K and Hu, Neng-Chung},
  booktitle={Acoustics, Speech, and Signal Processing, 1988. ICASSP-88., 1988 International Conference on},
  pages={1902--1905},
  year={1988},
  organization={IEEE}
}
